@online{neerc-ifmo,
    author    = "NEERC-IFMO",
    title     = "Персистентная очередь",
    url       = "https://neerc.ifmo.ru/wiki/index.php?title=%D0%9F%D0%B5%D1%80%D1%81%D0%B8%D1%81%D1%82%D0%B5%D0%BD%D1%82%D0%BD%D0%B0%D1%8F_%D0%BE%D1%87%D0%B5%D1%80%D0%B5%D0%B4%D1%8C",
    keywords  = "",
    urldate = {2023-05-24},
}
@online{codeforces,
    author    = "burunduk3",
    title     = "Персистентная очередь и её друзья",
    url       = "https://codeforces.com/blog/entry/15685",
    keywords  = "",
    urldate = {2023-05-24},
}

@online{habr,
    author    = "lemelisk",
    title     = "Персистентная очередь",
    url       = "https://habr.com/ru/articles/241231/",
    keywords  = "",
    urldate = {2023-05-24},
}
@online{d3,
    author    = "D3",
    title     = "D3.js - Data-Driven Documents",
    url       = "https://d3js.org/",
    keywords  = "",
    urldate = {2023-05-24},
}